<record><leader>00000cas a2200000 a 4500</leader><controlfield tag="001">11374881</controlfield><controlfield tag="008">841112d18841897iluwr n       0   b0nor c</controlfield><datafield ind1=" " ind2=" " tag="010"><subfield code="a">sn 84024605 </subfield></datafield><datafield ind1=" " ind2=" " tag="040"><subfield code="a">NPV</subfield><subfield code="b">eng</subfield><subfield code="c">NPV</subfield><subfield code="d">MN#</subfield><subfield code="d">NVF</subfield><subfield code="d">OCLCQ</subfield><subfield code="d">NVF</subfield><subfield code="d">OCLCO</subfield><subfield code="d">IOH</subfield><subfield code="d">OCLCF</subfield><subfield code="d">NVF</subfield><subfield code="d">OCLCO</subfield></datafield><datafield ind1="1" ind2=" " tag="029"><subfield code="a">AU@</subfield><subfield code="b">000020666005</subfield></datafield><datafield ind1=" " ind2=" " tag="042"><subfield code="a">pcc</subfield></datafield><datafield ind1=" " ind2=" " tag="043"><subfield code="a">n-us-il</subfield></datafield><datafield ind1=" " ind2=" " tag="045"><subfield code="a">w8w9</subfield></datafield><datafield ind1=" " ind2=" " tag="052"><subfield code="a">4103</subfield><subfield code="b">C7</subfield></datafield><datafield ind1=" " ind2=" " tag="052"><subfield code="a">4123</subfield><subfield code="b">D3</subfield></datafield><datafield ind1="0" ind2=" " tag="130"><subfield code="a">Amerika (Chicago, Ill. : 1884)</subfield></datafield><datafield ind1="1" ind2="0" tag="245"><subfield code="a">Amerika.</subfield></datafield><datafield ind1="3" ind2="3" tag="246"><subfield code="a">Provenumer</subfield></datafield><datafield ind1=" " ind2=" " tag="260"><subfield code="a">Chicago, Ill. ;</subfield><subfield code="a">Madison, Wis. :</subfield><subfield code="b">Norwegian Pub. Co.,</subfield><subfield code="c">1884-1897.</subfield></datafield><datafield ind1="3" ind2=" " tag="260"><subfield code="3">June 22, 1896-Oct. 13, 1897</subfield><subfield code="a">Chicago, Ill. ;</subfield><subfield code="a">Madison, Wis. :</subfield><subfield code="b">Norwegian Pub. Co.</subfield></datafield><datafield ind1=" " ind2=" " tag="300"><subfield code="a">13 v. :</subfield><subfield code="b">ill.</subfield></datafield><datafield ind1=" " ind2=" " tag="310"><subfield code="a">Weekly</subfield></datafield><datafield ind1="0" ind2=" " tag="362"><subfield code="a">9de dec., 1884-24de dec., 1884; 1st aarg., nr. 1 (7de jan., 1885)-13de aarg., nr. 41 (13de okt., 1897).</subfield></datafield><datafield ind1=" " ind2=" " tag="515"><subfield code="a">Preceded by 2 issues dated Oct. 1-15, 1884 called Provenumer.</subfield></datafield><datafield ind1=" " ind2=" " tag="521"><subfield code="a">"Norwegian political journal."</subfield></datafield><datafield ind1=" " ind2=" " tag="546"><subfield code="a">In Norwegian.</subfield></datafield><datafield ind1=" " ind2="0" tag="650"><subfield code="a">Norwegian Americans</subfield><subfield code="v">Newspapers.</subfield></datafield><datafield ind1=" " ind2="0" tag="650"><subfield code="a">Norwegians</subfield><subfield code="z">United States</subfield><subfield code="v">Newspapers.</subfield></datafield><datafield ind1=" " ind2="7" tag="650"><subfield code="a">Norwegian Americans.</subfield><subfield code="2">fast</subfield><subfield code="0">(OCoLC)fst01039354</subfield></datafield><datafield ind1=" " ind2="7" tag="650"><subfield code="a">Norwegians.</subfield><subfield code="2">fast</subfield><subfield code="0">(OCoLC)fst01039481</subfield></datafield><datafield ind1=" " ind2="0" tag="651"><subfield code="a">United States</subfield><subfield code="v">Newspapers.</subfield></datafield><datafield ind1=" " ind2="7" tag="651"><subfield code="a">United States.</subfield><subfield code="2">fast</subfield><subfield code="0">(OCoLC)fst01204155</subfield></datafield><datafield ind1=" " ind2="7" tag="655"><subfield code="a">Newspapers.</subfield><subfield code="2">fast</subfield><subfield code="0">(OCoLC)fst01423814</subfield></datafield><datafield ind1=" " ind2=" " tag="752"><subfield code="a">United States</subfield><subfield code="b">Illinois</subfield><subfield code="c">Cook</subfield><subfield code="d">Chicago.</subfield></datafield><datafield ind1=" " ind2=" " tag="752"><subfield code="a">United States</subfield><subfield code="b">Wisconsin</subfield><subfield code="c">Dane</subfield><subfield code="d">Madison.</subfield></datafield><datafield ind1="0" ind2="5" tag="780"><subfield code="t">Wisconsin Nordmanden</subfield><subfield code="w">(DLC)sn 85040515</subfield><subfield code="w">(OCoLC)11899441</subfield></datafield><datafield ind1="0" ind2="5" tag="780"><subfield code="t">Norden (Chicago, Ill.)</subfield><subfield code="w">(DLC)sn 84024059</subfield><subfield code="w">(OCoLC)10405257</subfield></datafield><datafield ind1="0" ind2="0" tag="785"><subfield code="t">Amerika og Norden</subfield><subfield code="w">(DLC)sn 84024606</subfield><subfield code="w">(OCoLC)11375170</subfield></datafield></record>